@techreport{AustralianSportsCommission2020,
	author = {{Australian Sports Commission}},
	mendeley-groups = {Sports (General)/Mixed},
	title = {{AusPlay Survey}},
	url = {https://www.clearinghouseforsport.gov.au/research/ausplay/results},
	year = {2020}
}

@techreport{InternationalNetballFederation2020,
	author = {International Netball Federation},
	title = {Rules of Netball (2020 Edition)},
	url = {https://netball.sport/game/the-rules-of-netball},
	year = "2020"
}

@misc{NetballAustralia2020,
	author = {{Netball Australia}},
	mendeley-groups = {Sports (General)/Netball},
	title = {{Introducing the two-goal Super Shot}},
	url = {https://supernetball.com.au/news/introducing-two-goal-super-shot},
	urldate = {2020-07-01},
	year = {2020}
}

@article{Fox2020,
	author = {Fox, Aaron S. and Bruce, Lyndell},
	doi = {10.1371/journal.pone.0242716},
	editor = {Sunderland, Caroline},
	file = {:C\:/Users/aafox/OneDrive - Deakin University/RESEARCH/Readings & Articles/Sports Analytics/Netball/(Fox & Bruce, 2020) Identifying potential scoring strategies_netballs_two-point rule [PLoS One].pdf:pdf},
	isbn = {1111111111},
	issn = {1932-6203},
	journal = {PLOS ONE},
	mendeley-groups = {Sports Analytics/Netball},
	month = {nov},
	number = {11},
	pages = {e0242716},
	pmid = {33227034},
	title = {{When does risk outweigh reward? Identifying potential scoring strategies with netball's new two-point rule}},
	url = {http://dx.doi.org/10.1371/journal.pone.0242716 https://dx.plos.org/10.1371/journal.pone.0242716},
	volume = {15},
	year = {2020}
}

@article{Virtanen2020,
	author = {Virtanen, Pauli and Gommers, Ralf and Oliphant, Travis E. and Haberland, Matt and Reddy, Tyler and Cournapeau, David and Burovski, Evgeni and Peterson, Pearu and Weckesser, Warren and Bright, Jonathan and van der Walt, St{\'{e}}fan J. and Brett, Matthew and Wilson, Joshua and Millman, K. Jarrod and Mayorov, Nikolay and Nelson, Andrew R. J. and Jones, Eric and Kern, Robert and Larson, Eric and Carey, C J and Polat, İlhan and Feng, Yu and Moore, Eric W. and VanderPlas, Jake and Laxalde, Denis and Perktold, Josef and Cimrman, Robert and Henriksen, Ian and Quintero, E. A. and Harris, Charles R. and Archibald, Anne M. and Ribeiro, Ant{\^{o}}nio H. and Pedregosa, Fabian and van Mulbregt, Paul},
	doi = {10.1038/s41592-019-0686-2},
	issn = {1548-7091},
	journal = {Nature Methods},
	mendeley-groups = {Statistics},
	month = {mar},
	number = {3},
	pages = {261--272},
	title = {{SciPy 1.0: fundamental algorithms for scientific computing in Python}},
	url = {http://www.nature.com/articles/s41592-019-0686-2},
	volume = {17},
	year = {2020}
}

@misc{NIST2020,
	author = {{National Institute of Standards and Technology}},
	mendeley-groups = {Statistics},
	title = {{NIST Digital Library of Mathematical Functions}},
	url = {https://dlmf.nist.gov/},
	urldate = {2020-07-02},
	year = {2020}
}

@article{Bar-Eli2006,
	author = {Bar-Eli, Michael and Avugos, Simcha and Raab, Markus},
	doi = {10.1016/j.psychsport.2006.03.001},
	file = {:C\:/Users/aafox/OneDrive - Deakin University/RESEARCH/Readings & Articles/Sports (General)/Mixed/(Bar-Eli et al. 2006) Twenty years_hot hand research_review & critique [Psychol Sport Exerc].pdf:pdf},
	issn = {14690292},
	journal = {Psychology of Sport and Exercise},
	keywords = {Decision making,Hot hand,Review,Sport,Streaks},
	mendeley-groups = {Sports (General)/Mixed},
	month = {nov},
	number = {6},
	pages = {525--553},
	title = {{Twenty years of “hot hand” research: Review and critique}},
	url = {https://linkinghub.elsevier.com/retrieve/pii/S1469029206000240},
	volume = {7},
	year = {2006}
}




@Manual{R-supernetballr,
  title = {superNetballR},
  author = {Steve Lane},
  year = {2020},
  note = {version 0.1.0},
  url = {https://stevelane.github.io/superNetballR/},
}

@misc{ChampionData2022,
author = {{Champion Data}},
title = {{Suncorp Super Netball Match Centre}},
url = {https://mc.championdata.com/super_netball/},
urldate = {10/08/2022},
year = {2022}
}

@Manual{R-base,
  title = {R: A Language and Environment for Statistical Computing},
  author = {{R Core Team}},
  organization = {R Foundation for Statistical Computing},
  address = {Vienna, Austria},
  year = {2021},
  url = {https://www.R-project.org/},
}
@Manual{R-dplyr,
  title = {dplyr: A Grammar of Data Manipulation},
  author = {Hadley Wickham and Romain François and Lionel Henry and Kirill Müller},
  year = {2022},
  note = {R package version 1.0.8},
  url = {https://CRAN.R-project.org/package=dplyr},
}
@Manual{R-here,
  title = {here: A Simpler Way to Find Your Files},
  author = {Kirill Müller},
  year = {2020},
  note = {R package version 1.0.1},
  url = {https://CRAN.R-project.org/package=here},
}
@Manual{R-kableExtra,
  title = {kableExtra: Construct Complex Table with 'kable' and Pipe Syntax},
  author = {Hao Zhu},
  year = {2021},
  note = {R package version 1.3.4},
  url = {https://CRAN.R-project.org/package=kableExtra},
}
@Manual{R-papaja,
  title = {{papaja}: {Prepare} reproducible {APA} journal articles with {R Markdown}},
  author = {Frederik Aust and Marius Barth},
  year = {2022},
  note = {R package version 0.1.1},
  url = {https://github.com/crsh/papaja},
}
@Manual{R-tidyr,
  title = {tidyr: Tidy Messy Data},
  author = {Hadley Wickham and Maximilian Girlich},
  year = {2022},
  note = {R package version 1.2.0},
  url = {https://CRAN.R-project.org/package=tidyr},
}
@Manual{R-tinylabels,
  title = {{tinylabels}: Lightweight Variable Labels},
  author = {Marius Barth},
  year = {2022},
  note = {R package version 0.2.3},
  url = {https://cran.r-project.org/package=tinylabels},
}
